@misc{BaR2D2,
author = {jamiep},
title = {Build a Movile Bar - BaR2D2},
howpublished = {\url{http://www.instructables.com/id/Build-A-Mobile-Bar-BaR2D2/}}}

@misc{Inebriator,
author = {Ian Cooper, Jake Osborne},
title = The Inebriator - Arduino powered cocktail machine},
howpublished = {\url{http://www.theinebriator.com}}}
