@misc{postgres,
    title     = "PostgreSQL",
    note      = "http://www.postgresql.org"
}

@misc{apache,
    title     = "Apache",
    note      = "http://httpd.apache.org"
}
